% This file was created with JabRef 2.7b.
% Encoding: ISO8859_1


@inproceedings{own:graphity:2012,
  title={Efficient Graph Models for Retrieving Top-k News Feeds from Ego Networks},
  author={Pickhardt, Rene and Gottron, Thomas and Scherp, Ansgar and Staab, Steffen and Kunze, Jonas},
  booktitle={Privacy, Security, Risk and Trust (PASSAT), 2012 International Conference on and 2012 International Confernece on Social Computing (SocialCom)},
  pages={123--133},
  year={2012},
  organization={IEEE}
}

@inproceedings{own:graphSearch:2013,
  title={Personalized Graph search to support Querry suggesting in wikipedia search},
  author={Pickhardt, Rene and Saal, Carina and Staab, Steffen},
  booktitle={work in Progress CIKM},
  pages={xxx--yyy},
  year={2014},
  organization={ACM}
}

@inproceedings{own:typology:2013,
  title={Generalized Language Models for Next Word Prediction},
  author={Pickhardt, Rene and Gottron, Thomas and Koerner, Martin and Speicher, Till and Wagner, Paul and Staab, Steffen},
  booktitle={work in Progress ACL},
  pages={xxx--yyy},
  year={2014},
  organization={ACM}
}

@inproceedings{own:prefix:2013,
  title={A Trie based index for top-k scored prefix retrieval},
  author={Pickhardt, Rene and Hartmann, Heinrich and Staab, Steffen},
  booktitle={work in Progress PVLDB},
  pages={xxx--yyy},
  year={2013},
  organization={ACM}
}


@article{Basics:DoubleEndedPriorityQueue:1986,
  title={Min-max heaps and generalized priority queues},
  author={Atkinson, Michael D and Sack, J-R and Santoro, Nicola and Strothotte, Thomas},
  journal={Communications of the ACM},
  volume={29},
  number={10},
  pages={996--1000},
  year={1986},
  publisher={ACM}
}

@book{Basics:IntervalHeaps:2000,
  title={Data structures, algorithms, and applications in Java},
  author={Sahni, Sartaj},
  year={2000},
  publisher={Universities Press}
}

@article{Basics:Trie:1960,
 author = {Fredkin, Edward},
 title = {Trie memory},
 journal = {Commun. ACM},
 issue_date = {September 1960},
 volume = {3},
 number = {9},
 month = sep,
 year = {1960},
 issn = {0001-0782},
 pages = {490--499},
 numpages = {10},
 url = {http://doi.acm.org/10.1145/367390.367400},
 doi = {10.1145/367390.367400},
 acmid = {367400},
 publisher = {ACM},
 address = {New York, NY, USA},
} 

@incollection{RW:FST:2001,
  title={Direct construction of minimal acyclic subsequential transducers},
  author={Mihov, Stoyan and Maurel, Denis},
  booktitle={Implementation and Application of Automata},
  pages={217--229},
  year={2001},
  publisher={Springer}
}

@inproceedings{RW:Bast:2006,
  title={Type less, find more: fast autocompletion search with a succinct index},
  author={Bast, Holger and Weber, Ingmar},
  booktitle={Proceedings of the 29th annual international ACM SIGIR conference on Research and development in information retrieval},
  pages={364--371},
  year={2006},
  organization={ACM}
}