% This file was created with JabRef 2.7b.
% Encoding: ISO8859_1

@INPROCEEDINGS{RW:Bast:2006,
  author = {Bast, Holger and Weber, Ingmar},
  title = {Type less, find more: fast autocompletion search with a succinct
	index},
  booktitle = {Proceedings of the 29th annual international ACM SIGIR conference
	on Research and development in information retrieval},
  year = {2006},
  pages = {364--371},
  organization = {ACM},
  owner = {rpickhardt},
  timestamp = {2014.05.10}
}

@comment{jabref-meta: selector_publisher:}

@comment{jabref-meta: selector_author:}

@comment{jabref-meta: selector_journal:}

@comment{jabref-meta: selector_keywords:}

